@book{coles2003cosmology,
  title={Cosmology: The Origin and Evolution of Cosmic Structure},
  author={Coles, P.P. and Lucchin, P.F.},
  isbn={9780470852996},
  lccn={14006229},
  url={https://books.google.ca/books?id=BGYcivB1EtMC},
  year={2003},
  publisher={Wiley}
}
@article{Wesson1987,
        author = {Wesson, Paul S. and Valle, K. and Stabell, R.},
        doi = {10.1086/165306},
        issn = {0004-637X},
        journal = {The Astrophysical Journal},
        month = {jun},
        pages = {601},
        publisher = {American Astronomical Society},
        title = {{The extragalactic background light and a definitive resolution of Olbers's paradox}},
        url = {https://ui.adsabs.harvard.edu/abs/1987ApJ...317..601W/abstract},
        volume = {317},
        year = {1987}
}
@article{Stabell1966,
        author = {Stabell, R. and Refsdal, S.},
        doi = {10.1093/mnras/132.2.379},
        issn = {0035-8711},
        journal = {Monthly Notices of the Royal Astronomical Society},
        month = {apr},
        number = {2},
        pages = {379--388},
        publisher = {Oxford University Press (OUP)},
        title = {{Classification of General Relativistic World Models}},
        url = {https://academic.oup.com/mnras/article-lookup/doi/10.1093/mnras/132.2.379},
        volume = {132},
        year = {1966}
}
@techreport{Wesson1991,
        author = {Wesson, Paul S.},
        booktitle = {The Astrophysical Journal},
        doi = {10.1086/169638},
        issn = {0004-637X},
        keywords = {Subject headings,cosmic background radiation-cosmology-galaxies,photometry-relativity},
        pages = {399},
        title = {{Olbers's paradox and the spectral intensity of the extragalactic background light}},
        volume = {367},
        year = {1991}
}
